@article{Hyndman2015R,
    title = {{ Automatic Time Series Forecasting: The forecast Package for R }},
    year = {2015},
    journal = {Journal of Statistical Software},
    author = {Hyndman, Rob J. and Khandakar, Yeasmin},
    isbn = {1548-7660},
    doi = {10.18637/jss.v027.i03},
    issn = {1548-7660},
    pmid = {258205200001},
    arxivId = {1701.05936}
}

@incollection{Boehm2018ApacheSystemML,
    title = {{Apache SystemML}},
    year = {2018},
    booktitle = {Encyclopedia of Big Data Technologies},
    author = {Boehm, Matthias},
    doi = {10.1007/978-3-319-63962-8{\_}187-1}
}

@misc{BlackBiconjugateMethod,
    title = {{Biconjugate Gradient Method}},
    booktitle = {MathWorld--A Wolfram Web Resource},
    author = {Black, Noel and Moore, Shirley},
    url = {http://mathworld.wolfram.com/BiconjugateGradientMethod.html}
}

@misc{BlackBiconjugateMethodb,
    title = {{Biconjugate Gradient Stabilized Method}},
    booktitle = {MathWorld--A Wolfram Web Resource},
    author = {Black, Noel and Moore, Shirley}
}

@incollection{JohnChapterMatrices,
    title = {{Chapter 2 - Some Basics on Vectors and Matrices}},
    booktitle = {Lecture Notes on Iterative Methods for Linear Systems of Equations},
    author = {John, Voker},
    url = {https://www.wias-berlin.de/people/john/LEHRE/NUMERIK_II_18_19/linsys_2.pdf}
}

@incollection{JohnChapterSchemes,
    title = {{Chapter 3 - Classical Iterative Schemes}},
    booktitle = {Lecture Notes on Iterative Methods for Linear Systems of Equations},
    author = {John, Voker},
    url = {https://www.wias-berlin.de/people/john/LEHRE/NUMERIK_II_18_19/linsys_3.pdf}
}

@phdthesis{KarlssonComputingRecursion,
    title = {{Computing Explicit Matrix Inverses by Recursion}},
    author = {Karlsson, Lars},
    school = {Umea University}
}

@article{Belisle1992ConvergenceD,
    title = {{Convergence theorems for a class of simulated annealing algorithms on ‚Ñù d}},
    year = {1992},
    journal = {Journal of Applied Probability},
    author = {B{\'{e}}lisle, Claude J P},
    edition = {2016/07/14},
    number = {4},
    pages = {885--895},
    volume = {29},
    publisher = {Cambridge University Press},
    url = {https://www.cambridge.org/core/article/convergence-theorems-for-a-class-of-simulated-annealing-algorithms-on-d/FCC646C64A013B306AEB5D822BDBE9D1},
    doi = {DOI: 10.2307/3214721},
    issn = {0021-9002},
    keywords = {ADAPTIVE COOLING SCHEDULE, MONTE CARLO METHODS, OPTIMIZATION}
}

@misc{Anandh2016EverythingData,
    title = {{Everything About Time Series Analysis And The Components of Time Series Data}},
    year = {2016},
    author = {Anandh, Saranya},
    url = {https://www.linkedin.com/pulse/everything-time-series-analysis-components-data-saranya-anandh/}
}

@article{Hyndman2014ForecastingPractice,
    title = {{Forecasting : principles and practice}},
    year = {2014},
    journal = {Monash University},
    author = {Hyndman, Rob J. and Athanasopoulos, George},
    isbn = {0987507109}
}

@misc{BlackGauss-SeidelMethod,
    title = {{Gauss-Seidel Method}},
    booktitle = {MathWorld--A Wolfram Web Resource},
    author = {Black, Noel and Moore, Shirley},
    url = {http://mathworld.wolfram.com/Gauss-SeidelMethod.html}
}

@article{Yao2006GaussianSeries,
    title = {{Gaussian maximum likelihood estimation for ARMA models. I. Time series}},
    year = {2006},
    journal = {Journal of Time Series Analysis},
    author = {Yao, Qiwei and Brockwell, Peter J.},
    doi = {10.1111/j.1467-9892.2006.00492.x},
    issn = {01439782},
    keywords = {ARMA time series models, Asymptotic normality, Consistency, Gaussian maximum likelihood estimator, Innovation algorithm, Martingale difference, Prewhitening}
}

@misc{Kalron2018HowUp,
    title = {{How do Hadoop and Spark Stack Up?}},
    year = {2018},
    author = {Kalron, Amir},
    url = {https://logz.io/blog/hadoop-vs-spark/}
}

@book{Brockwell2002Introduction2nd,
    title = {{Introduction to Time Series and Forecasting 2nd}},
    year = {2002},
    booktitle = {Technometrics},
    author = {Brockwell, Peter and Davis, Richard},
    isbn = {0387953515},
    doi = {10.2307/1271510},
    issn = {00401706},
    pmid = {708181},
    arxivId = {arXiv:1011.1669v3}
}

@book{Brockwell2002Introduction2ndb,
    title = {{Introduction to Time Series and Forecasting 2nd}},
    year = {2002},
    booktitle = {Technometrics},
    author = {Brockwell, Peter and Davis, Richard},
    isbn = {0387953515},
    doi = {10.2307/1271510},
    issn = {00401706},
    pmid = {708181},
    arxivId = {arXiv:1011.1669v3}
}

@incollection{Stroetmann2017IterativeGleichungs-Systeme,
    title = {{Iterative L{\"{o}}sung linearer Gleichungs-Systeme}},
    year = {2017},
    booktitle = {Skript: Analysis},
    author = {Stroetmann, Karl},
    chapter = {Anwendunge},
    url = {https://github.com/karlstroetmann/Analysis/blob/master/Skript/analysis.pdf}
}

@article{Golub1996Matrix1996,
    title = {{Matrix computations. 1996}},
    year = {1996},
    journal = {Johns Hopkins University, Press, Baltimore, MD, USA},
    author = {Golub, Gene H and Van Loan, Charles F}
}

@article{Hyndman2007MinimumModels,
    title = {{Minimum sample size requirements for seasonal forecasting models}},
    year = {2007},
    journal = {International Journal Of Forecasting},
    author = {Hyndman, Rob J. and Kostenko, Andrey V.}
}

@misc{TeamROptimization,
    title = {{R Documentation: General-purpose Optimization}},
    author = {Team, R-Core},
    url = {https://stat.ethz.ch/R-manual/R-devel/library/stats/html/optim.html}
}

@article{Elgohary2017ScalingAlgebra,
    title = {{Scaling Machine Learning via Compressed Linear Algebra}},
    year = {2017},
    journal = {ACM SIGMOD Record},
    author = {Elgohary, Ahmed and Boehm, Matthias and Haas, Peter J. and Reiss, Frederick R. and Reinwald, Berthold},
    doi = {10.1145/3093754.3093765},
    issn = {01635808}
}

@misc{NASASMAPProducts,
    title = {{SMAP - Soil Miosture Active Passive: Data Products}},
    author = {{NASA}},
    url = {https://smap.jpl.nasa.gov/data/}
}

@misc{NASASMAPSpecifications,
    title = {{SMAP - Soil Moisture Active Passive: Specifications}},
    author = {{NASA}},
    url = {https://smap.jpl.nasa.gov/observatory/specifications/}
}

@misc{NASASMAPTImeline,
    title = {{SMAP - Soil Moisture Active Passive: TImeline}},
    author = {{NASA}},
    url = {https://smap.jpl.nasa.gov/mission/timeline/}
}

@incollection{Nason2018StationarySeries,
    title = {{Stationary and non-stationary time series}},
    year = {2018},
    booktitle = {Statistics in Volcanology},
    author = {Nason, Guy P.},
    isbn = {1-86239-208-0},
    doi = {10.1144/iavcei001.11}
}

@misc{BlackStationaryMethod,
    title = {{Stationary Iterative Method}},
    booktitle = {MathWorld--A Wolfram Web Resource},
    author = {Black, Noel and Moore, Shirley},
    url = {http://mathworld.wolfram.com/StationaryIterativeMethod.html}
}

@article{Nau2016StatisticalAnalysis,
    title = {{Statistical Forecasting: Notes on Regression and Time-series Analysis}},
    year = {2016},
    journal = {Fuqua School of Business, Duke University},
    author = {Nau, Robert}
}

@misc{BlackSuccessiveMethod,
    title = {{Successive Overrelaxation Method}},
    booktitle = {MathWorld--A Wolfram Web Resource},
    author = {Black, Noel and Moore, Shirley},
    url = {http://mathworld.wolfram.com/SuccessiveOverrelaxationMethod.html}
}

@article{Boehm2016SystemML,
    title = {{SystemML}},
    year = {2016},
    journal = {Proceedings of the VLDB Endowment},
    author = {Boehm, Matthias and Surve, Arvind C. and Tatikonda, Shirish and Dusenberry, Michael W. and Eriksson, Deron and Evfimievski, Alexandre V. and Manshadi, Faraz Makari and Pansare, Niketan and Reinwald, Berthold and Reiss, Frederick R. and Sen, Prithviraj},
    doi = {10.14778/3007263.3007279},
    issn = {21508097}
}

@misc{SystemMLDocumentation,
    title = {{SystemML Documentation}},
    url = {http://apache.github.io/systemml/}
}

@article{Boehm2014SystemMLsPrograms,
    title = {{SystemML's Optimizer: Plan Generation for Large-Scale Machine Learning Programs}},
    year = {2014},
    journal = {Bulletin of the IEEE Computer Society Technical Committee on Data Engineering},
    author = {Boehm, Matthias and Burdick, Douglas R and Evfimievski, Alexandre V and Reinwald, Berthold and Reiss, Frederick R and Sen, Prithviraj and Tatikonda, Shirish and Tian, Yuanyuan}
}

@inproceedings{Ghoting2011SystemML:MapReduce,
    title = {{SystemML: Declarative machine learning on MapReduce}},
    year = {2011},
    booktitle = {Proceedings - International Conference on Data Engineering},
    author = {Ghoting, Amol and Krishnamurthy, Rajasekar and Pednault, Edwin and Reinwald, Berthold and Sindhwani, Vikas and Tatikonda, Shirish and Tian, Yuanyuan and Vaithyanathan, Shivakumar},
    isbn = {9781424489589},
    doi = {10.1109/ICDE.2011.5767930},
    issn = {10844627}
}

@article{Boehm2016SystemML:Spark,
    title = {{SystemML: Declarative Machine Learning on Spark}},
    year = {2016},
    journal = {Proceedings of the VLDB Endowment},
    author = {Boehm, Matthias and Surve, Arvind C. and Tatikonda, Shirish and Dusenberry, Michael W. and Eriksson, Deron and Evfimievski, Alexandre V. and Manshadi, Faraz Makari and Pansare, Niketan and Reinwald, Berthold and Reiss, Frederick R. and Sen, Prithviraj},
    doi = {10.14778/3007263.3007279}
}

@unpublished{Rambo2016TheEquations,
    title = {{The Conjugate Gradient Method for Solving Linear Systems of Equations}},
    year = {2016},
    author = {Rambo, Mike},
    pages = {1--21}
}

@article{Suhartono2011TimeModel,
    title = {{Time Series Forecasting by using Seasonal Autoregressive Integrated Moving Average: Subset, Multiplicative or Additive Model}},
    year = {2011},
    journal = {Journal of Mathematics and Statistics},
    author = {{Suhartono}},
    doi = {10.3844/jmssp.2011.20.27},
    issn = {1549-3644}
}

@article{Ray2006TimeMethods.,
    title = {{Time Series: Theory and Methods.}},
    year = {2006},
    journal = {Journal of the Royal Statistical Society. Series A (Statistics in Society)},
    author = {Ray, W. D. and Brockwell, P. J. and Davis, R. A.},
    doi = {10.2307/2982983},
    issn = {09641998}
}

@misc{ALGLibUnconstrainedCG,
    title = {{Unconstrained optimization: L-BFGS and CG}},
    author = {{ALGLib}},
    url = {http://www.alglib.net/optimization/lbfgsandcg.php}
}

@unpublished{Vinay2016UnderstandingBi-CGSTAB,
    title = {{Understanding the Bi Conjugate Gradient Stabilized Method (Bi-CGSTAB)}},
    year = {2016},
    author = {Vinay, Yuvashankar and Mojdeh, Sayari Nejad and Ash (Chang), Liu},
    pages = {43}
}